<?xml version="1.0" encoding="UTF-8"?><collection xmlns="http://www.loc.gov/MARC21/slim"><record><leader>00490nam--2200169-i-4500</leader><controlfield tag="001">000004168</controlfield><controlfield tag="002">20161230</controlfield><controlfield tag="005">20161230201025</controlfield><controlfield tag="008">060222s1000------------r-----000-0-eng-d</controlfield><datafield ind1=" " ind2=" " tag="040"><subfield code="a">IFIN-HH</subfield></datafield><datafield ind1=" " ind2=" " tag="080"><subfield code="a">621.396(038)=40:801.323.1=40</subfield></datafield><datafield ind1="1" ind2=" " tag="100"><subfield code="a">Brun, Jean</subfield></datafield><datafield ind1="1" ind2="0" tag="245"><subfield code="a">Dictionnaire de la radio a l'usage des etudiants en tsf et des radiotechniciens</subfield><subfield code="c">Jean brun</subfield></datafield><datafield ind1=" " ind2=" " tag="260"><subfield code="a">Paris</subfield><subfield code="b">Editions Albin Michel</subfield><subfield code="c">1948</subfield></datafield><datafield ind1=" " ind2=" " tag="300"><subfield code="a">548 P</subfield></datafield><datafield ind1=" " ind2=" " tag="852"><subfield code="a">D.113</subfield><subfield code="c">SLT</subfield></datafield><datafield ind1=" " ind2=" " tag="CAT"><subfield code="a">Sys</subfield><subfield code="c">20130218</subfield><subfield code="h">144034</subfield></datafield></record></collection>